{
  "leader": "04834cam a2200757Ii 4500",
  "fields": [
    {
      "001": "ocm45591768\\"
    },
    {
      "003": "OCoLC"
    },
    {
      "005": "20220105140227.0"
    },
    {
      "008": "001219s2000\\\\\\\\nyua\\\\\\\\\\b\\\\\\\\001\\0beng\\d"
    },
    {
      "007": "ta"
    },
    {
      "010": {
        "ind1": "\\",
        "ind2": "\\",
        "subfields": [
          {
            "a": "   93016617 "
          }
        ]
      }
    },
    {
      "040": {
        "ind1": "\\",
        "ind2": "\\",
        "subfields": [
          {
            "a": "DZM"
          },
          {
            "b": "eng"
          },
          {
            "e": "rda"
          },
          {
            "c": "DZM"
          },
          {
            "d": "FUG"
          },
          {
            "d": "OCLCQ"
          },
          {
            "d": "BAKER"
          },
          {
            "d": "RMC"
          },
          {
            "d": "BTCTA"
          },
          {
            "d": "YDXCP"
          },
          {
            "d": "AU@"
          },
          {
            "d": "DEBSZ"
          },
          {
            "d": "FMO"
          },
          {
            "d": "VVW"
          },
          {
            "d": "SXC"
          },
          {
            "d": "DEBBG"
          },
          {
            "d": "Z87"
          },
          {
            "d": "CAX"
          },
          {
            "d": "MUO"
          },
          {
            "d": "OCLCO"
          },
          {
            "d": "OCLCF"
          },
          {
            "d": "OCLCO"
          },
          {
            "d": "S1C"
          },
          {
            "d": "OCLCQ"
          },
          {
            "d": "GZM"
          },
          {
            "d": "XY4"
          },
          {
            "d": "TBS"
          },
          {
            "d": "ZWZ"
          },
          {
            "d": "BDX"
          },
          {
            "d": "TMJ"
          },
          {
            "d": "IG#"
          },
          {
            "d": "OCLCQ"
          },
          {
            "d": "OCLCO"
          },
          {
            "d": "OCL"
          },
          {
            "d": "CCE"
          },
          {
            "d": "OCLCO"
          },
          {
            "d": "CNGRE"
          },
          {
            "d": "OCLCQ"
          },
          {
            "d": "ICN"
          },
          {
            "d": "RB0"
          },
          {
            "d": "OCL"
          },
          {
            "d": "OCLCO"
          },
          {
            "d": "OCLCQ"
          },
          {
            "d": "OCLCO"
          },
          {
            "d": "IHI"
          },
          {
            "d": "BRL"
          },
          {
            "d": "TXJAS"
          },
          {
            "d": "OCLCA"
          },
          {
            "d": "OCLCQ"
          },
          {
            "d": "OCLCO"
          },
          {
            "d": "UII"
          },
          {
            "d": "OCLCA"
          },
          {
            "d": "OCLCQ"
          },
          {
            "d": "OCLCO"
          },
          {
            "d": "PBF"
          },
          {
            "d": "UKUOY"
          },
          {
            "d": "UKMGB"
          },
          {
            "d": "IAI"
          },
          {
            "d": "OCLCQ"
          },
          {
            "d": "OCLCO"
          },
          {
            "d": "OCL"
          },
          {
            "d": "OCLCA"
          },
          {
            "d": "OCLCQ"
          },
          {
            "d": "OCLCO"
          },
          {
            "d": "UKEHC"
          },
          {
            "d": "VSI"
          },
          {
            "d": "ZQC"
          },
          {
            "d": "CUI"
          },
          {
            "d": "TUU"
          },
          {
            "d": "OCLCO"
          }
        ]
      }
    },
    {
      "016": {
        "ind1": "7",
        "ind2": "\\",
        "subfields": [
          {
            "a": "009823521"
          },
          {
            "2": "Uk"
          }
        ]
      }
    },
    {
      "019": {
        "ind1": "\\",
        "ind2": "\\",
        "subfields": [
          {
            "a": "47809872"
          },
          {
            "a": "58951228"
          },
          {
            "a": "748773290"
          },
          {
            "a": "769850514"
          },
          {
            "a": "852677815"
          },
          {
            "a": "980014289"
          },
          {
            "a": "982666093"
          },
          {
            "a": "984709116"
          },
          {
            "a": "985143663"
          },
          {
            "a": "1003145234"
          },
          {
            "a": "1011611340"
          },
          {
            "a": "1089168846"
          },
          {
            "a": "1170330330"
          },
          {
            "a": "1200989782"
          },
          {
            "a": "1200992610"
          },
          {
            "a": "1201020275"
          },
          {
            "a": "1201608901"
          },
          {
            "a": "1201634743"
          },
          {
            "a": "1201636499"
          },
          {
            "a": "1201830064"
          },
          {
            "a": "1201903069"
          },
          {
            "a": "1201950999"
          },
          {
            "a": "1201981097"
          },
          {
            "a": "1201990600"
          },
          {
            "a": "1201990772"
          },
          {
            "a": "1201992595"
          },
          {
            "a": "1201996025"
          },
          {
            "a": "1201997323"
          },
          {
            "a": "1202008136"
          },
          {
            "a": "1202008549"
          },
          {
            "a": "1202011518"
          },
          {
            "a": "1202017786"
          },
          {
            "a": "1230297118"
          }
        ]
      }
    },
    {
      "020": {
        "ind1": "\\",
        "ind2": "\\",
        "subfields": [
          {
            "a": "0805025340"
          }
        ]
      }
    },
    {
      "020": {
        "ind1": "\\",
        "ind2": "\\",
        "subfields": [
          {
            "a": "9780805025347"
          }
        ]
      }
    },
    {
      "020": {
        "ind1": "\\",
        "ind2": "\\",
        "subfields": [
          {
            "z": "0805025430"
          }
        ]
      }
    },
    {
      "020": {
        "ind1": "\\",
        "ind2": "\\",
        "subfields": [
          {
            "a": "0805068139"
          },
          {
            "q": "(pbk.)"
          }
        ]
      }
    },
    {
      "020": {
        "ind1": "\\",
        "ind2": "\\",
        "subfields": [
          {
            "a": "9780805068139"
          },
          {
            "q": "(pbk.)"
          }
        ]
      }
    },
    {
      "020": {
        "ind1": "\\",
        "ind2": "\\",
        "subfields": [
          {
            "a": "9780613708722"
          },
          {
            "q": "(Topeka)"
          }
        ]
      }
    },
    {
      "020": {
        "ind1": "\\",
        "ind2": "\\",
        "subfields": [
          {
            "a": "0613708725"
          },
          {
            "q": "(Topeka)"
          }
        ]
      }
    },
    {
      "020": {
        "ind1": "\\",
        "ind2": "\\",
        "subfields": [
          {
            "a": "9780965011396"
          },
          {
            "q": "(paperback)"
          }
        ]
      }
    },
    {
      "020": {
        "ind1": "\\",
        "ind2": "\\",
        "subfields": [
          {
            "a": "0965011399"
          },
          {
            "q": "(paperback)"
          }
        ]
      }
    },
    {
      "035": {
        "ind1": "\\",
        "ind2": "\\",
        "subfields": [
          {
            "a": "(OCoLC)45591768"
          },
          {
            "z": "(OCoLC)47809872"
          },
          {
            "z": "(OCoLC)58951228"
          },
          {
            "z": "(OCoLC)748773290"
          },
          {
            "z": "(OCoLC)769850514"
          },
          {
            "z": "(OCoLC)852677815"
          },
          {
            "z": "(OCoLC)980014289"
          },
          {
            "z": "(OCoLC)982666093"
          },
          {
            "z": "(OCoLC)984709116"
          },
          {
            "z": "(OCoLC)985143663"
          },
          {
            "z": "(OCoLC)1003145234"
          },
          {
            "z": "(OCoLC)1011611340"
          },
          {
            "z": "(OCoLC)1089168846"
          },
          {
            "z": "(OCoLC)1170330330"
          },
          {
            "z": "(OCoLC)1200989782"
          },
          {
            "z": "(OCoLC)1200992610"
          },
          {
            "z": "(OCoLC)1201020275"
          },
          {
            "z": "(OCoLC)1201608901"
          },
          {
            "z": "(OCoLC)1201634743"
          },
          {
            "z": "(OCoLC)1201636499"
          },
          {
            "z": "(OCoLC)1201830064"
          },
          {
            "z": "(OCoLC)1201903069"
          },
          {
            "z": "(OCoLC)1201950999"
          },
          {
            "z": "(OCoLC)1201981097"
          },
          {
            "z": "(OCoLC)1201990600"
          },
          {
            "z": "(OCoLC)1201990772"
          },
          {
            "z": "(OCoLC)1201992595"
          },
          {
            "z": "(OCoLC)1201996025"
          },
          {
            "z": "(OCoLC)1201997323"
          },
          {
            "z": "(OCoLC)1202008136"
          },
          {
            "z": "(OCoLC)1202008549"
          },
          {
            "z": "(OCoLC)1202011518"
          },
          {
            "z": "(OCoLC)1202017786"
          },
          {
            "z": "(OCoLC)1230297118"
          }
        ]
      }
    },
    {
      "043": {
        "ind1": "\\",
        "ind2": "\\",
        "subfields": [
          {
            "a": "n-us---"
          }
        ]
      }
    },
    {
      "050": {
        "ind1": "0",
        "ind2": "0",
        "subfields": [
          {
            "a": "E185.97.D73"
          },
          {
            "b": "L485 2000"
          }
        ]
      }
    },
    {
      "060": {
        "ind1": "\\",
        "ind2": "4",
        "subfields": [
          {
            "a": "B D817L"
          }
        ]
      }
    },
    {
      "082": {
        "ind1": "0",
        "ind2": "4",
        "subfields": [
          {
            "a": "305.8960730092"
          },
          {
            "b": "LEW"
          }
        ]
      }
    },
    {
      "100": {
        "ind1": "1",
        "ind2": "\\",
        "subfields": [
          {
            "a": "Lewis, David Levering,"
          },
          {
            "d": "1936-"
          },
          {
            "e": "author."
          }
        ]
      }
    },
    {
      "245": {
        "ind1": "1",
        "ind2": "0",
        "subfields": [
          {
            "a": "W.E.B. Du Bois :"
          },
          {
            "b": "the fight for equality and the American century, 1919-1963 /"
          },
          {
            "c": "David Levering Lewis."
          }
        ]
      }
    },
    {
      "246": {
        "ind1": "3",
        "ind2": "0",
        "subfields": [
          {
            "a": "Fight for equality and the American century, 1919-1963"
          }
        ]
      }
    },
    {
      "246": {
        "ind1": "3",
        "ind2": "\\",
        "subfields": [
          {
            "a": "W.E.B DuBois"
          }
        ]
      }
    },
    {
      "246": {
        "ind1": "3",
        "ind2": "\\",
        "subfields": [
          {
            "a": "WEB DuBois"
          }
        ]
      }
    },
    {
      "250": {
        "ind1": "\\",
        "ind2": "\\",
        "subfields": [
          {
            "a": "First edition."
          }
        ]
      }
    },
    {
      "264": {
        "ind1": "\\",
        "ind2": "1",
        "subfields": [
          {
            "a": "New York :"
          },
          {
            "b": "Henry Holt and Company,"
          },
          {
            "c": "2000."
          }
        ]
      }
    },
    {
      "300": {
        "ind1": "\\",
        "ind2": "\\",
        "subfields": [
          {
            "a": "xiv, 715 pages :"
          },
          {
            "b": "illustrations ;"
          },
          {
            "c": "25 cm."
          }
        ]
      }
    },
    {
      "336": {
        "ind1": "\\",
        "ind2": "\\",
        "subfields": [
          {
            "a": "text"
          },
          {
            "b": "txt"
          },
          {
            "2": "rdacontent"
          }
        ]
      }
    },
    {
      "337": {
        "ind1": "\\",
        "ind2": "\\",
        "subfields": [
          {
            "a": "unmediated"
          },
          {
            "b": "n"
          },
          {
            "2": "rdamedia"
          }
        ]
      }
    },
    {
      "338": {
        "ind1": "\\",
        "ind2": "\\",
        "subfields": [
          {
            "a": "volume"
          },
          {
            "b": "nc"
          },
          {
            "2": "rdacarrier"
          }
        ]
      }
    },
    {
      "386": {
        "ind1": "\\",
        "ind2": "\\",
        "subfields": [
          {
            "n": "eth"
          },
          {
            "a": "African Americans"
          },
          {
            "2": "lcdgt"
          }
        ]
      }
    },
    {
      "386": {
        "ind1": "\\",
        "ind2": "\\",
        "subfields": [
          {
            "n": "nat"
          },
          {
            "a": "Americans"
          },
          {
            "2": "lcdgt"
          }
        ]
      }
    },
    {
      "490": {
        "ind1": "0",
        "ind2": "\\",
        "subfields": [
          {
            "a": "A John Macrae book"
          }
        ]
      }
    },
    {
      "504": {
        "ind1": "\\",
        "ind2": "\\",
        "subfields": [
          {
            "a": "Includes bibliographical references (pages 575-687) and index."
          }
        ]
      }
    },
    {
      "520": {
        "ind1": "\\",
        "ind2": "\\",
        "subfields": [
          {
            "a": "Lewis charts the second half of Du Bois's career, from the end of World War I on."
          }
        ]
      }
    },
    {
      "505": {
        "ind1": "0",
        "ind2": "\\",
        "subfields": [
          {
            "a": "Vol. 2: the fight for equality and the American century, 1919-1963 -- The reason why -- Du Bois and Garvey: two \"Pan-Africas\" -- On being crazy and somewhat devious -- Rearranging Ethiopia abroad and at home -- Civil rights by copyright -- Bolsheviks and dark princesses -- The possibility of democracy in America -- Holding on, amorously and angrily -- A new racial philosophy -- Atlanta: black reconstruction and Casanova unbound -- Dictatorships compared: Germany, Russia, China, Japan -- Atlanta: the politics of knowledge -- Atlanta: soldiering on -- Against the grain: from the NAACP to the far left -- Exeunt."
          }
        ]
      }
    },
    {
      "586": {
        "ind1": "\\",
        "ind2": "\\",
        "subfields": [
          {
            "a": "Black Caucus of the American Library Association Literary Award, 2000"
          }
        ]
      }
    },
    {
      "586": {
        "ind1": "\\",
        "ind2": "\\",
        "subfields": [
          {
            "a": "Pulitzer Prize for Biography for Autobiography, 2001"
          }
        ]
      }
    },
    {
      "586": {
        "ind1": "\\",
        "ind2": "\\",
        "subfields": [
          {
            "a": "Anisfield-Wolf Book Award, 2001 Nonfiction"
          }
        ]
      }
    },
    {
      "583": {
        "ind1": "1",
        "ind2": "\\",
        "subfields": [
          {
            "a": "Self-Renewing"
          },
          {
            "c": "2017"
          },
          {
            "5": "UoY"
          }
        ]
      }
    },
    {
      "600": {
        "ind1": "1",
        "ind2": "0",
        "subfields": [
          {
            "a": "Du Bois, W. E. B."
          },
          {
            "q": "(William Edward Burghardt),"
          },
          {
            "d": "1868-1963."
          }
        ]
      }
    },
    {
      "650": {
        "ind1": "\\",
        "ind2": "0",
        "subfields": [
          {
            "a": "African Americans"
          },
          {
            "v": "Biography."
          }
        ]
      }
    },
    {
      "650": {
        "ind1": "\\",
        "ind2": "0",
        "subfields": [
          {
            "a": "African Americans"
          },
          {
            "x": "Civil rights."
          }
        ]
      }
    },
    {
      "650": {
        "ind1": "\\",
        "ind2": "0",
        "subfields": [
          {
            "a": "African Americans"
          },
          {
            "x": "History"
          },
          {
            "y": "1877-1964."
          }
        ]
      }
    },
    {
      "650": {
        "ind1": "\\",
        "ind2": "0",
        "subfields": [
          {
            "a": "Civil rights movements"
          },
          {
            "z": "United States"
          },
          {
            "x": "History."
          }
        ]
      }
    },
    {
      "600": {
        "ind1": "1",
        "ind2": "7",
        "subfields": [
          {
            "a": "Du Bois, W. E. B."
          },
          {
            "q": "(William Edward Burghardt),"
          },
          {
            "d": "1868-1963."
          },
          {
            "2": "fast"
          },
          {
            "0": "(OCoLC)fst00053661"
          }
        ]
      }
    },
    {
      "650": {
        "ind1": "\\",
        "ind2": "7",
        "subfields": [
          {
            "a": "African Americans."
          },
          {
            "2": "fast"
          },
          {
            "0": "(OCoLC)fst00799558"
          }
        ]
      }
    },
    {
      "650": {
        "ind1": "\\",
        "ind2": "7",
        "subfields": [
          {
            "a": "African Americans"
          },
          {
            "x": "Civil rights."
          },
          {
            "2": "fast"
          },
          {
            "0": "(OCoLC)fst00799575"
          }
        ]
      }
    },
    {
      "650": {
        "ind1": "\\",
        "ind2": "7",
        "subfields": [
          {
            "a": "Civil rights movements."
          },
          {
            "2": "fast"
          },
          {
            "0": "(OCoLC)fst00862708"
          }
        ]
      }
    },
    {
      "651": {
        "ind1": "\\",
        "ind2": "7",
        "subfields": [
          {
            "a": "United States."
          },
          {
            "2": "fast"
          },
          {
            "0": "(OCoLC)fst01204155"
          }
        ]
      }
    },
    {
      "648": {
        "ind1": "\\",
        "ind2": "7",
        "subfields": [
          {
            "a": "1877-1964"
          },
          {
            "2": "fast"
          }
        ]
      }
    },
    {
      "655": {
        "ind1": "\\",
        "ind2": "7",
        "subfields": [
          {
            "a": "Biographies."
          },
          {
            "2": "fast"
          },
          {
            "0": "(OCoLC)fst01919896"
          }
        ]
      }
    },
    {
      "655": {
        "ind1": "\\",
        "ind2": "7",
        "subfields": [
          {
            "a": "History."
          },
          {
            "2": "fast"
          },
          {
            "0": "(OCoLC)fst01411628"
          }
        ]
      }
    },
    {
      "655": {
        "ind1": "\\",
        "ind2": "7",
        "subfields": [
          {
            "a": "Biographies."
          },
          {
            "2": "lcgft"
          }
        ]
      }
    },
    {
      "994": {
        "ind1": "\\",
        "ind2": "\\",
        "subfields": [
          {
            "a": "Z0"
          },
          {
            "b": "NYRVC"
          }
        ]
      }
    },
    {
      "948": {
        "ind1": "\\",
        "ind2": "\\",
        "subfields": [
          {
            "h": "NO HOLDINGS IN NYRVC - 1430 OTHER HOLDINGS"
          }
        ]
      }
    },
    {
      "999": {
        "ind1": "\\",
        "ind2": "\\",
        "subfields": [
          {
            "a": "00000000014352"
          }
        ]
      }
    }
  ]
}